<record><leader>00000cas a22000007a 4500</leader><controlfield tag="001">14402733</controlfield><controlfield tag="008">861016d19271927wiuwr ne      0    0eng d</controlfield><datafield ind1=" " ind2=" " tag="010"><subfield code="a">sn 86086569 </subfield></datafield><datafield ind1=" " ind2=" " tag="040"><subfield code="a">NPV</subfield><subfield code="b">eng</subfield><subfield code="c">NPV</subfield><subfield code="d">OCLCQ</subfield></datafield><datafield ind1=" " ind2=" " tag="042"><subfield code="a">msc</subfield></datafield><datafield ind1="0" ind2="0" tag="245"><subfield code="a">Muscoda leader=press.</subfield></datafield><datafield ind1=" " ind2=" " tag="260"><subfield code="a">Muscoda, Wis. :</subfield><subfield code="b">Schermerhorn Bros.,</subfield><subfield code="c">1927-1927.</subfield></datafield><datafield ind1=" " ind2=" " tag="300"><subfield code="a">v.</subfield></datafield><datafield ind1=" " ind2=" " tag="310"><subfield code="a">Weekly</subfield></datafield><datafield ind1="0" ind2=" " tag="362"><subfield code="a">Vol. 1, no. 1 (Feb. 24, 1927)-v. 1, no. 5 (Mar. 24, 1927).</subfield></datafield><datafield ind1=" " ind2=" " tag="752"><subfield code="a">United States</subfield><subfield code="b">Wisconsin</subfield><subfield code="c">Grant</subfield><subfield code="d">Muscoda.</subfield></datafield><datafield ind1="0" ind2="0" tag="785"><subfield code="t">Leader-press (Muscoda, Wis.)</subfield><subfield code="w">(DLC)sn 86086570</subfield><subfield code="w">(OCoLC)14402841</subfield></datafield></record>